@misc{Differen9:online,
author = {},
title = {Difference in Image Classification, Semantic Segmentation, Object Detection, and Instance Segmentation : learnmachinelearning},
howpublished = {\url{https://www.reddit.com/r/learnmachinelearning/comments/kt0hov/difference_in_image_classification_semantic/}},
month = {},
year = {},
note = {(Accessed on 02/12/2021)}
}